@book{ThinkingInCPP,
  Author = {Bruce Eckel},
  Title = {Thinking in C++: Introduction to Standard C++, Volume One (2nd Edition) (Vol 1)},
  Publisher = {Prentice Hall},
  Year = {2000},
  ISBN = {0139798099}
}

@book{Sommerville,
 author = {Sommerville, Ian},
 title = {Software Engineering},
 publisher = {Pearson/Addison-Wesley},
 year = {2004},
 address = {Boston},
 isbn = {0321210263}
 }
 
@misc{ComponentTechnology,
author = {David Polberger},
title = {Component technology in an embedded system},
school = {Lund University},
year = {2009}
}

@misc{DesignFFI,
author = {Reini Urban},
title = {Design Issues for Foreign Function Interfaces: A survey of existing native interfaces for several languages and some suggestions},
year = {2004},
url = {http://autocad.xarch.at/lisp/ffis.html}
}

@misc{FFIScheme,
author = {Eli Barzilay and Dmitry Orlovsky},
title = {Foreign Interface for PLT Scheme},
school = {Northeastern University},
year = {2004}
}

@book{RealWorldHaskell,
  Author = {Bryan O'Sullivan and John Goerzen and Don Stewart},
  Title = {Real World Haskell},
  Publisher = {O'Reilly Media},
  Year = {2008},
  ISBN = {0596514980},
  URL = {http://book.realworldhaskell.org/read/}
}

@article{Ousterhout,
author = {John K. Ousterhout},
title = {Scripting: Higher Level Programming for the 21st Century},
journal = {IEEE Computer},
year = {1998}
}




